@article{Teso2018,
    title = {{"Why Should I Trust Interactive Learners?" Explaining Interactive Queries of Classifiers to Users}},
    year = {2018},
    journal = {arXiv preprint},
    author = {Teso, Stefano and Kersting, Kristian},
    month = {5},
    url = {https://arxiv.org/pdf/1805.08578.pdf},
    arxivId = {1805.08578}
}

@inproceedings{Ribeiro2016,
    title = {{"Why Should I Trust You?" Explaining the Predictions of Any Classifier}},
    year = {2016},
    booktitle = {Proceedings of the 22nd ACM SIGKDD International Conference on Knowledge Discovery and Data Mining},
    author = {Ribeiro, Marco Tulio and Singh, Sameer and Guestrin, Carlos},
    pages = {1135--1144},
    url = {https://dl.acm.org/citation.cfm?id=2939778},
    doi = {10.1145/2939672.2939778}
}

@article{Tenenbaum2000,
    title = {{A Global Geometric Framework for Nonlinear Dimensionality Reduction}},
    year = {2000},
    journal = {SCIENCE},
    author = {Tenenbaum, Joshua B and Silva, Vin De and Langford, John C},
    number = {December},
    volume = {290}
}

@techreport{Olsson2009,
    title = {{A literature survey of active machine learning in the context of natural language processing}},
    year = {2009},
    author = {Olsson, Fredrik},
    url = {http://eprints.sics.se/3600/1/SICS-T--2009-06--SE.pdf},
    issn = {1100-3154},
    keywords = {Active learning, literature survey, machine learning, natural language process-ing}
}

@article{Dudley2018,
    title = {{A Review of User Interface Design for Interactive Machine Learning}},
    year = {2018},
    journal = {ACM Trans. Interact. Intell. Syst},
    author = {Dudley, John J and Ola Kristensson, Per},
    number = {8},
    volume = {8},
    url = {https://doi.org/10.1145/3185517},
    doi = {10.1145/3185517},
    keywords = {@BULLET Human-centered computing → HCI theory, Additional Key Words and Phrases, CCS Concepts, Interactive machine learning, concepts and models, interface design}
}

@inproceedings{Chen2018b,
    title = {{AnchorViz: Facilitating Classifier Error Discovery through Interactive Semantic Data Exploration}},
    year = {2018},
    booktitle = {23rd International Conference on Intelligent User Interfaces},
    author = {Chen, Nan-Chen and Suh, Jina and Verwey, Johan and Ramos, Gonzalo and Drucker, Steven and Simard, Patrice},
    pages = {269--280},
    publisher = {ACM},
    url = {https://dl.acm.org/citation.cfm?id=3172950},
    address = {Tokyo, Japan},
    doi = {10.1145/3172944.3172950},
    keywords = {error discovery, interactive machine learning, semantic data exploration, unlabeled data, visualization}
}

@inproceedings{Chang2016,
    title = {{AppGrouper: Knowledge-graph-based Interactive Clustering Tool for Mobile App Search Results}},
    year = {2016},
    booktitle = {Proceedings of the 21st International Conference on Intelligent User Interfaces - IUI '16},
    author = {Chang, Shuo and Dai, Peng and Hong, Lichan and Sheng, Cheng and Zhang, Tianjiao and Chi, Ed H},
    pages = {348--358},
    url = {http://dl.acm.org/citation.cfm?doid=2856767.2856783},
    isbn = {9781450341370},
    doi = {10.1145/2856767.2856783},
    keywords = {clustering, interactive machine learning, search result clustering}
}

@incollection{Koza1996,
    title = {{Automated Design of Both the Topology and Sizing of Analog Electrical Circuits Using Genetic Programming}},
    year = {1996},
    booktitle = {Artificial Intelligence in Design '96},
    author = {Koza, John R and Bennett, Forrest H and Andre, David and Keane, Martin A},
    editor = {Gero, John S and Sudweeks, Fay},
    pages = {151--170},
    publisher = {Springer Netherlands},
    url = {https://doi.org/10.1007/978-94-009-0279-4_9},
    address = {Dordrecht},
    isbn = {978-94-009-0279-4},
    doi = {10.1007/978-94-009-0279-4{\_}9}
}

@inproceedings{Das2018,
    title = {{BEAMES: Interactive Multi-Model Steering, Selection, and Inspection for Regression Tasks}},
    year = {2018},
    booktitle = {arXiv preprint},
    author = {Das, Subhajit and Cashman, Dylan and Chang, Remco and Endert, Alex},
    url = {http://www.eecs.tufts.edu/%7B~%7Ddcashm01/academic-website/public/docs/das_vds_2018_gaggle.pdf},
    keywords = {Index Terms-Interactive machine learning, ensemble model builder, information visualization, multi-model steering}
}

@inproceedings{Self2016,
    title = {{Bridging the gap between user intention and model parameters for human-in-the-loop data analytics}},
    year = {2016},
    booktitle = {Proceedings of the Workshop on Human-In-the-Loop Data Analytics - HILDA '16},
    author = {Self, Jessica Zeitz and Vinayagam, Radha Krishnan and Fry, J T and North, Chris},
    pages = {1--6},
    url = {http://dl.acm.org/citation.cfm?doid=2939502.2939505},
    isbn = {9781450342070},
    doi = {10.1145/2939502.2939505},
    keywords = {object-level interaction, usability, visual analytics}
}

@article{Bernard2018b,
    title = {{Comparing Visual-Interactive Labeling with Active Learning: An Experimental Study}},
    year = {2018},
    journal = {IEEE Transactions on Visualization and Computer Graphics},
    author = {Bernard, Jürgen and Hutter, Marco and Zeppelzauer, Matthias and Fellner, Dieter and Sedlmair, Michael},
    number = {1},
    month = {1},
    pages = {298--308},
    volume = {24},
    url = {http://ieeexplore.ieee.org/document/8019851/},
    isbn = {1077-2626 VO - PP},
    doi = {10.1109/TVCG.2017.2744818},
    issn = {10772626},
    arxivId = {arXiv:1504.02218v2},
    keywords = {Active Learning, Classification, Dimensionality Reduction, Evaluation, Experiment, Information Visualization, Labeling, Machine Learning, Visual Analytics, Visual-Interactive Labeling}
}

@inproceedings{Brown2012,
    title = {{Dis-function: Learning distance functions interactively}},
    year = {2012},
    booktitle = {IEEE Conference on Visual Analytics Science and Technology 2012, VAST 2012 - Proceedings},
    author = {Brown, Eli T and Liu, Jingjing and Brodley, Carla E and Chang, Remco},
    pages = {83--92},
    isbn = {9781467347532},
    doi = {10.1109/VAST.2012.6400486}
}

@article{Yang2018,
    title = {{Global Model Interpretation via Recursive Partitioning}},
    year = {2018},
    journal = {arXiv preprint},
    author = {Yang, Chengliang and Rangarajan, Anand and Ranka, Sanjay},
    url = {http://arxiv.org/abs/1802.04253},
    arxivId = {1802.04253}
}

@inproceedings{Yan2018,
    title = {{Homology-Preserving Dimensionality Reduction via Manifold Landmarking and Tearing}},
    year = {2018},
    booktitle = {arXiv preprint},
    author = {Yan, Lin and Zhao, Yaodong and Rosen, Paul and Scheidegger, Carlos and Wang, Bei},
    url = {https://arxiv.org/pdf/1806.08460.pdf},
    arxivId = {1806.08460v1},
    keywords = {Index Terms-Topological data analysis, dimensionality reduction, high-dimensional data visualization, manifold landmarking, manifold learning}
}

@incollection{Holzinger2013,
    title = {{Human-Computer Interaction and Knowledge Discovery (HCI-KDD): What is the benefit of bringing those two fields to work together?}},
    year = {2013},
    booktitle = {Lecture Notes in Computer Science (including subseries Lecture Notes in Artificial Intelligence and Lecture Notes in Bioinformatics)},
    author = {Holzinger, Andreas},
    pages = {319--328},
    volume = {8127 LNCS},
    isbn = {9783642405105},
    doi = {10.1007/978-3-642-40511-2{\_}22},
    issn = {03029743},
    keywords = {E-Science, HCI-KDD, Human-Computer Interaction (HCI), Interdisciplinary, Intersection science, Knowledge Discovery in Data (KDD)}
}

@inproceedings{Fails2003,
    title = {{Interactive machine learning}},
    year = {2003},
    booktitle = {Proceedings of the 8th international conference on Intelligent user interfaces - IUI '03},
    author = {Fails, Jerry Alan and Olsen, Dan R},
    pages = {39},
    publisher = {ACM Press},
    url = {http://dl.acm.org/citation.cfm?doid=604045.604056},
    address = {New York, New York, USA},
    isbn = {1581135866},
    doi = {10.1145/604045.604056},
    keywords = {Categories, D22 General Terms, Design, Experimentation Keywords, H52, Machine learning, classification, image processing, interaction, perceptive user interfaces}
}

@article{Holzinger2016,
    title = {{Interactive machine learning for health informatics: when do we need the human-in-the-loop?}},
    year = {2016},
    journal = {Brain Informatics},
    author = {Holzinger, Andreas},
    number = {2},
    pages = {119--131},
    volume = {3},
    url = {https://link.springer.com/article/10.1007/s40708-016-0042-6},
    doi = {10.1007/s40708-016-0042-6},
    keywords = {Health informatics, Interactive machine learning}
}

@inproceedings{Kapoor2010,
    title = {{Interactive optimization for steering machine classification}},
    year = {2010},
    booktitle = {Proceedings of the 28th international conference on Human factors in computing systems - CHI '10},
    author = {Kapoor, Ashish and Lee, Bongshin and Tan, Desney and Horvitz, Eric},
    pages = {1343},
    publisher = {ACM Press},
    url = {http://portal.acm.org/citation.cfm?doid=1753326.1753529},
    address = {New York, New York, USA},
    isbn = {9781605589299},
    doi = {10.1145/1753326.1753529},
    issn = {9781605589299}
}

@article{Roweis2000,
    title = {{Nonlinear Dimensionality Reduction by Locally Linear Embedding}},
    year = {2000},
    journal = {SCIENCE},
    author = {Roweis, Sam T and Saul, Lawrence K and Roweis, Sam T},
    number = {December},
    volume = {290}
}

@inproceedings{Wenskovitch2017,
    title = {{Observation-Level Interaction with Clustering and Dimension Reduction Algorithms}},
    year = {2017},
    booktitle = {Proceedings of the 2nd Workshop on Human-In-the-Loop Data Analytics - HILDA'17},
    author = {Wenskovitch, John and North, Chris},
    pages = {1--6},
    url = {http://dl.acm.org/citation.cfm?doid=3077257.3077259},
    isbn = {9781450350297},
    doi = {10.1145/3077257.3077259},
    keywords = {data clus-, observation-level interaction, oli, semantic interaction, sensemaking, tering, visual analytics}
}

@article{PCA,
    title = {{On Lines and Planes of Closest Fit to Systems of Points in Space}},
    year = {1901},
    journal = {Philosophical Magazine},
    author = {Pearson, Karl},
    number = {11},
    pages = {559--572},
    volume = {2},
    publisher = {Taylor {\&} Francis},
    url = {https://doi.org/10.1080/14786440109462720},
    doi = {10.1080/14786440109462720}
}

@article{Tong2001,
    title = {{Support Vector Machine Active Learning with Applications to Text Classification}},
    year = {2001},
    journal = {Journal of Machine Learning Research},
    author = {Tong, Simon and Koller, Daphne},
    pages = {45--66},
    volume = {2},
    url = {https://dl.acm.org/citation.cfm?id=944793},
    doi = {10.1162/153244302760185243}
}

@article{Olah2018,
    title = {{The Building Blocks of Interpretability}},
    year = {2018},
    journal = {Distill},
    author = {Olah, Chris and Satyanarayan, Arvind and Johnson, Ian and Carter, Shan and Schubert, Ludwig and Ye, Katherine and Mordvintsev, Alexander},
    url = {https://distill.pub/2018/building-blocks},
    doi = {10.23915/distill.00010}
}

@article{Lipton2017,
    title = {{The Mythos of Model Interpretability}},
    year = {2017},
    journal = {arXiv preprint},
    author = {Lipton, Zachary C},
    url = {https://arxiv.org/pdf/1606.03490.pdf},
    arxivId = {arXiv:1606.03490v3}
}

@article{Endert2017b,
    title = {{The State of the Art in Integrating Machine Learning into Visual Analytics}},
    year = {2017},
    journal = {Computer Graphics Forum},
    author = {Endert, A and Ribarsky, W and Turkay, C and Wong, B L William and Nabney, I and Blanco, I D??az and Rossi, F},
    number = {00},
    pages = {1--28},
    volume = {00},
    url = {https://arxiv.org/pdf/1802.07954.pdf},
    doi = {10.1111/cgf.13092},
    issn = {14678659},
    keywords = {Categories and Subject Descriptors: Human-Centred, Data mining, Information visualization, Visual Analytics, Visual analytics, Visualization}
}

@article{FisherIris,
    title = {{The Use of Multiple Measurements in Taxonomic Problems}},
    year = {1936},
    journal = {Annals of Eugenics},
    author = {Fisher, R. A.},
    number = {2},
    pages = {179--188},
    volume = {7},
    url = {https://onlinelibrary.wiley.com/doi/abs/10.1111/j.1469-1809.1936.tb02137.x},
    doi = {10.1111/j.1469-1809.1936.tb02137.x}
}

@article{Doshi-Velez2017c,
    title = {{Towards A Rigorous Science of Interpretable Machine Learning}},
    year = {2017},
    journal = {arXiv preprint},
    author = {Doshi-Velez, Finale and Kim, Been},
    url = {https://arxiv.org/pdf/1702.08608.pdf},
    arxivId = {1702.08608}
}

@article{Wenskovitch2018,
    title = {{Towards a Systematic Combination of Dimension Reduction and Clustering in Visual Analytics}},
    year = {2018},
    journal = {IEEE Transactions on Visualization and Computer Graphics},
    author = {Wenskovitch, John and Crandell, Ian and Ramakrishnan, Naren and House, Leanna and Leman, Scotland and North, Chris},
    number = {1},
    pages = {131--141},
    volume = {24},
    isbn = {1077-2626 VO - PP},
    doi = {10.1109/TVCG.2017.2745258},
    issn = {10772626},
    keywords = {Dimension reduction, algorithms, clustering, visual analytics}
}

@article{McInnes2018,
    title = {{UMAP: Uniform Manifold Approximation and Projection for Dimension Reduction}},
    year = {2018},
    journal = {arXiv preprint},
    author = {McInnes, Leland and Healy, John},
    url = {http://arxiv.org/abs/1802.03426},
    arxivId = {1802.03426}
}

@article{Yosinski2015a,
    title = {{Understanding Neural Networks Through Deep Visualization}},
    year = {2015},
    journal = {arXiv preprint},
    author = {Yosinski, Jason and Clune, Jeff and Nguyen, Anh and Fuchs, Thomas and Lipson, Hod},
    url = {http://arxiv.org/abs/1506.06579},
    arxivId = {1506.06579}
}

@inproceedings{Krause2016,
    title = {{Using Visual Analytics to Interpret Predictive Machine Learning Models}},
    year = {2016},
    booktitle = {2016 ICML Workshop on Human Interpretability in Machine Learning},
    author = {Krause, Josua and Perer, Adam and Bertini, Enrico},
    url = {https://arxiv.org/pdf/1606.05685.pdf},
    arxivId = {1606.05685v2},
    keywords = {interpretability, machine learning, predictive models, visual analytics, visualization}
}

@article{Hohman2018,
    title = {{Visual Analytics in Deep Learning: An Interrogative Survey for the Next Frontiers}},
    year = {2018},
    journal = {IEEE Transactions on Visualization and Computer Graphics},
    author = {Hohman, Fred Matthew and Kahng, Minsuk and Pienta, Robert and Chau, Duen Horng},
    number = {1},
    pages = {1},
    volume = {25},
    url = {https://ieeexplore.ieee.org/document/8371286/},
    doi = {10.1109/TVCG.2018.2843369},
    issn = {1077-2626},
    arxivId = {1801.06889},
    keywords = {Deep learning, information visualization, neural networks, visual analytics}
}

@article{Sacha2017g,
    title = {{Visual Interaction with Dimensionality Reduction: A Structured Literature Analysis}},
    year = {2017},
    journal = {IEEE Transactions on Visualization and Computer Graphics},
    author = {Sacha, Dominik and Zhang, Leishi and Sedlmair, Michael and Lee, John A. and Peltonen, Jaakko and Weiskopf, Daniel and North, Stephen C. and Keim, Daniel A.},
    number = {1},
    pages = {241--250},
    volume = {23},
    doi = {10.1109/TVCG.2016.2598495},
    issn = {10772626},
    keywords = {Interactive visualization, dimensionality reduction, machine learning, visual analytics}
}

@article{Zhang2018,
    title = {{Visual Interpretability for Deep Learning: a Survey}},
    year = {2018},
    journal = {arXiv preprint},
    author = {Zhang, Quanshi and Zhu, Song-Chun},
    url = {http://arxiv.org/abs/1802.00614},
    doi = {10.1631/FITEE.1700808},
    issn = {2095-9230},
    arxivId = {1802.00614}
}

@article{VanDerMaaten2008,
    title = {{Visualizing high-dimensional data using t-sne}},
    year = {2008},
    journal = {Journal of Machine Learning Research},
    author = {Van Der Maaten, L J P and Hinton, G E},
    pages = {2579--2605},
    volume = {9},
    url = {https://lvdmaaten.github.io/publications/papers/JMLR_2008.pdf%0Ahttp://www.ncbi.nlm.nih.gov/entrez/query.fcgi?db=pubmed&cmd=Retrieve&dopt=AbstractPlus&list_uids=7911431479148734548related:VOiAgwMNy20J},
    isbn = {1532-4435},
    doi = {10.1007/s10479-011-0841-3},
    issn = {1532-4435},
    pmid = {20652508},
    arxivId = {1307.1662},
    keywords = {dimensionality reduction, embedding algorithms, manifold learning, multidimensional scaling, visualization}
}

@article{Michie1968MemoLearning,
    title = {{"Memo" Functions and Machine Learning}},
    year = {1968},
    journal = {Nature},
    author = {Michie, Donald},
    number = {5136},
    pages = {19--22},
    volume = {218}
}

@article{Grolemund2014AAnalysis,
    title = {{A cognitive interpretation of data analysis}},
    year = {2014},
    journal = {International Statistical Review},
    author = {Grolemund, Garrett and Wickham, Hadley},
    number = {2},
    pages = {184--204},
    volume = {82},
    doi = {10.1111/insr.12028},
    issn = {17515823},
    keywords = {Cognition, Cognitive process, Data analysis, Data analysis model}
}

@article{TukeyJohnW.andWilk1966DataOverview,
    title = {{Data Analysis and Statistics: An Expository Overview}},
    year = {1966},
    journal = {Joint Computer Conference, 1966},
    author = {Tukey, John W. and Wilk, M.B.},
    number = {695},
    pages = {695--709},
    url = {www.computerhistory.org}
}

@incollection{Yu2003ExploratoryAnalysis,
    title = {{Exploratory data analysis}},
    year = {2003},
    booktitle = {Handbook of psychology},
    author = {Yu, Chong Ho and Kross, Ethan and Guevarra, Darwin A},
    number = {Duhigg 2012},
    pages = {33--64},
    isbn = {9780199828340},
    doi = {10.1093/OBO/9780199828340}
}

@article{Pezzotti2018LinearWeb,
    title = {{Linear tSNE optimization for the Web}},
    year = {2018},
    journal = {arXiv preprint},
    author = {Pezzotti, Nicola and Mordvintsev, Alexander and Hollt, Thomas and Lelieveldt, Boudewijn P. F. and Eisemann, Elmar and Vilanova, Anna},
    pages = {1--6},
    url = {http://arxiv.org/abs/1805.10817},
    arxivId = {1805.10817}
}

@misc{Asensio2018Ml-kmeans,
    title = {{ml-kmeans}},
    year = {2018},
    author = {Asensio, Miguel},
    url = {https://github.com/mljs/kmeans}
}

@article{Kohonen1982Self-organizedMaps,
    title = {{Self-organized formation of topologically correct feature maps}},
    year = {1982},
    journal = {Biological Cybernetics},
    author = {Kohonen, Teuvo},
    number = {1},
    pages = {59--69},
    volume = {43},
    doi = {10.1007/BF00337288},
    issn = {03401200}
}

@article{Leman2018SIRIUS:Reductions,
    title = {{SIRIUS: Dual, Symmetric, Interactive Dimension Reductions}},
    year = {2018},
    journal = {IEEE Transactions on Visualization and Computer Graphics},
    author = {Leman, Scotland and House, Leanna and Fry, J.T. and Wenskovitch, John and North, Chris and Dowling, Michelle},
    number = {1},
    pages = {172--182},
    volume = {25},
    publisher = {IEEE},
    doi = {10.1109/tvcg.2018.2865047},
    issn = {1077-2626}
}

@article{Smilkov2019TensorFlow.js:Beyond,
    title = {{TensorFlow.js: Machine Learning for the Web and Beyond}},
    year = {2019},
    author = {Smilkov, Daniel and Thorat, Nikhil and Assogba, Yannick and Yuan, Ann and Kreeger, Nick and Yu, Ping and Zhang, Kangyi and Cai, Shanqing and Nielsen, Eric and Soergel, David and Bileschi, Stan and Terry, Michael and Nicholson, Charles and Gupta, Sandeep N. and Sirajuddin, Sarah and Sculley, D. and Monga, Rajat and Corrado, Greg and Vi{\'{e}}gas, Fernanda B. and Wattenberg, Martin},
    url = {http://arxiv.org/abs/1901.05350},
    arxivId = {1901.05350}
}

@article{House2017TowardsAnalytics,
    title = {{Towards a Systematic Combination of Dimension Reduction and Clustering in Visual Analytics}},
    year = {2017},
    journal = {IEEE Transactions on Visualization and Computer Graphics},
    author = {House, Leanna and Ramakrishnan, Naren and Leman, Scotland and Crandell, Ian and North, Chris and Wenskovitch, John},
    number = {1},
    pages = {131--141},
    volume = {24},
    publisher = {IEEE},
    doi = {10.1109/tvcg.2017.2745258},
    issn = {1077-2626}
}

@book{Munzner2014VisualizationDesign,
    title = {{Visualization Analysis and Design}},
    year = {2014},
    author = {Munzner, Tamara},
    editor = {{AK Peters/CRC Press}}
}

@article{Brehmer2014VisualizingSequences,
    title = {{Visualizing dimensionally-reduced data: Interviews with analysts and a characterization of task sequences}},
    year = {2014},
    journal = {Submitted to ACM BELIV Workshop},
    author = {Brehmer, M. and Sedlmair, M. and Ingram, S. and Munzner, T.},
    pages = {1--8},
    isbn = {9781450332095},
    doi = {10.1145/2669557.2669559},
    keywords = {dimensionally-reduced data, interview study, tasks}
}